@book{dinosaurios2006,
   title     = "Fundamentos de Sistemas Operativos 7ยบ Edicion",
   author    = "Abraham Silberschatz and Peter Galvin and Greg Gagne",
   publisher = "McGraw-Hill Interamericana",
   year      = "2006",
   edition   = "7",
}
